

@article{becker1996vda,
  title={{The Visual Design and Control of Trellis Display}},
  author={Becker, R. A. and Cleveland, W. S. and Shyu, M. J.},
  journal={JCGS},
  volume={5},
  number={2},
  pages={123--155},
  year={1996},
  publisher={JSTOR}
}



@book{Cleve:vis:1993,
    author = {Cleveland, William S.},
    title = {Visualizing Data},
    year = {1993},
    pages = {360},
    publisher = {Hobart Press},
    address = {Summit, New Jersey},
    CISid = {148402}
}


@book{Clev:elem:1995,
    author = {Cleveland, William S.},
    title = {The Elements of Graphing Data ({R}evised Edition)},
    year = {1995},
    pages = {304},
    publisher = {Chapman \& Hall},
    address = {London},
    CISid = {165039}
}


@book{Clev:EOGD,
    author = {Cleveland, William S.},
    title = {The Elements of Graphing Data},
    year = {1985},
    pages = {323},
    publisher = {Wadsworth},
    address = {Monterey, California},
    keywords = {Exploratory data analysis},
    CISid = {84532}
}



@Manual{Rlangenv,
    title = {R: A Language and Environment for Statistical Computing},
    author = {{R Development Core Team}},
    organization = {R Foundation for Statistical Computing},
    address = {Vienna, Austria},
    year = {2007},
    note = {{ISBN} 3-900051-07-0},
    url = {http://www.R-project.org},
}



@article{lockNew,
    author = {Lock, Robin},
    title = {1993 {N}ew Car Data},
    year = {1993},
    journal = {Journal of Statistics Education},
    volume = {1},
    number = {1},
    pages = {7--7},
    keywords = {classroom data; Dataset; introductory statistics},
    CISid = {150114}
}



@Book{MASS4,
    title = {Modern Applied Statistics with S},
    author = {W. N. Venables and B. D. Ripley},
    publisher = {Springer},
    edition = {Fourth},
    address = {New York},
    year = {2002},
    note = {ISBN 0-387-95457-0},
    url = {http://www.stats.ox.ac.uk/pub/MASS4},
}




@book{fisher1935der,
  title={The Design of Experiments},
  author={Fisher, R. A.},
  year={1971},
  edition = {Ninth},
  publisher={Hafner},
  address={New York}
}




@article{carr1987smt,
  author = {Carr, D. B. and Littlefield, R. J. and Nicholson, W. L. and Littlefield, J. S.},
  title = {Scatterplot Matrix Techniques for Large ${N}$},
  journal={Journal of the American Statistical Association},
  volume={82},
  number={398},
  pages={424--436},
  year={1987}
}


@book{friendly2000vcd,
    title={Visualizing Categorical Data},
    author={Friendly, Michael},
    year={2000},
    note = {ISBN 1-58025-660-0},
    publisher={SAS Institute},
    address = {Carey, NC}
}


@article{friendly2002ced,
    author = {Friendly, Michael},
    title = {Corrgrams: {E}xploratory Displays for Correlation Matrices},
    year = {2002},
    journal = {The American Statistician},
    volume = {56},
    number = {4},
    pages = {316--324},
    keywords = {Conditional independence; EFFECT ORDERING; Independence; Partial correlation; VALUE RENDERING; VARIABLE SORTING; VISUAL THINNING; Visualization},
    CISid = {231086}
}


@article{box1964at,
  title={An Analysis of Transformations},
  author={Box, G. E. P. and Cox, D. R.},
  journal={Journal of the Royal Statistical Society. Series B (Methodological)},
  volume={26},
  number={2},
  pages={211--252},
  year={1964}
}

@Comment   pages={690},
@article{rizzieri2007pmn,
  title={Partially Matched, Nonmyeloablative Allogeneic Transplantation: {C}linical Outcomes and Immune Reconstitution},
  author={Rizzieri, D. A. and Koh, L. P. and Long, G. D. and Gasparetto, C. and Sullivan, K. M. and Horwitz, M. and Chute, J. and Smith, C. and Gong, J. Z. and Lagoo, A. and others},
  journal={Journal of Clinical Oncology},
  volume={25},
  number={6},
  year={2007},
  publisher={Am Soc Clin Oncol}
}


@article{brinkman2007hcf,
  title={High-Content Flow Cytometry and Temporal Data Analysis for Defining a Cellular Signature of Graft-Versus-Host Disease},
  author={Brinkman, R. R. and Gasparetto, M. and Lee, S. J. J. and Ribickas, A. J. and Perkins, J. and Janssen, W. and Smiley, R. and Smith, C.},
  journal={BBMT},
  volume={13},
  number={6},
  pages={691--700},
  year={2007},
  publisher={Elsevier}
}



@book{chambers1998pdg,
    author = {Chambers, John M.},
    title = {Programming with Data: {A} Guide to the {S} Language},
    year = {1998},
    pages = {469},
    publisher = {Springer},
    address = {New York},
    CISid = {199059}
}

@Comment     title = {{STL}: {A} Seasonal-trend Decomposition Procedure Based on Loess ({C}/{R}: P33-73; {C}orr. to {C}om: P343-348)},
@article{cleveland1990sst,
    author = {Cleveland, Robert B. and Cleveland, William S. and McRae, Jean E. and Terpenning, Irma},
    title = {{STL}: {A} Seasonal-trend Decomposition Procedure Based on Loess},
    year = {1990},
    journal = {Journal of Official Statistics},
    volume = {6},
    pages = {3--33},
    keywords = {Locally-weighted regression; Robustness; Seasonal adjustment; Time series},
    CISid = {123088}
}


@book{murrell2005,
  author = {Paul Murrell},
  title = {R Graphics},
  publisher = {Chapman \& Hall/CRC},
  year = {2005},
  address = {Boca Raton, FL},
  note = {ISBN 1-584-88486-X},
  publisherurl = {http://www.crcpress.com/shopping_cart/products/product_detail.asp?sku=C486X&parent_id=&pc=},
  url = {http://www.stat.auckland.ac.nz/~paul/RGraphics/rgraphics.html}
}


@article{tukey1993gcs,
  title={{Graphic Comparisons of Several Linked Aspects: {A}lternatives and Suggested Principles}},
  author={Tukey, J. W.},
  journal={Journal of Computational and Graphical Statistics},
  volume={2},
  number={1},
  pages={1--33},
  year={1993}
}


@article{scott1985ash,
    author = {Scott, David W.},
    title = {Averaged Shifted Histograms: {E}ffective Nonparametric Density Estimators in Several Dimensions},
    year = {1985},
    journal = {The Annals of Statistics},
    volume = {13},
    pages = {1024--1040},
    keywords = {Frequency polygon; Kernel estimator; Binned data; Multivariate analysis},
    CISid = {77438}
}


@article{sheather1991rdb,
    author = {Sheather, S. J. and Jones, M. C.},
    title = {A Reliable Data-based Bandwidth Selection Method for Kernel Density Estimation},
    year = {1991},
    journal = {Journal of the Royal Statistical Society, Series B: Methodological},
    volume = {53},
    pages = {683--690},
    CISid = {131620}
}


@article{azzalini1990lsd,
    author = {Azzalini, A. and Bowman, A. W.},
    title = {A Look at Some Data on the {O}ld {F}aithful {G}eyser},
    year = {1990},
    journal = {Applied Statistics},
    volume = {39},
    pages = {357--365},
    keywords = {Autocorrelation; Markov chain},
    CISid = {119991}
}


@book{hardle1991sti,
    author = {H\"{a}rdle, Wolfgang},
    title = {Smoothing Techniques: With Implementation in {S}},
    year = {1990},
    pages = {261},
    publisher = {Springer},
    address = {New York},
    CISid = {125433}
}



@book{Load:loca:1999,
    author = {Loader, Clive},
    title = {Local Regression and Likelihood},
    year = {1999},
    pages = {290},
    publisher = {Springer},
    address = {New York},
    CISid = {209499}
}




@book{tukey1977eda,
    author = {Tukey, John W.},
    title = {Exploratory Data Analysis},
    year = {1977},
    pages = {688},
    publisher = {Addison-Wesley},
    address = {Menlo Park, CA},
    CISid = {26679}
}


@article{hintze1998vpb,
    author = {Hintze, Jerry L. and Nelson, Ray D.},
    title = {Violin Plots: {A} Box Plot-density Trace Synergism},
    year = {1998},
    journal = {The American Statistician},
    volume = {52},
    pages = {181--184},
    keywords = {Statistical Computing and Graphics; Density estimation; Exploratory data analysis; Graphical method},
    CISid = {191932}
}



@article{Joyner:Boor:1981,
  title={Peak horizontal acceleration and velocity from strong-motion records including records from the 1979 {I}mperial {V}alley, {C}alifornia, earthquake},
  author={Joyner, W. B. and Boore, D. M.},
  journal={Bulletin of the Seismological Society of America},
  volume={71},
  number={6},
  pages={2011--2038},
  year={1981},
  publisher={Seismol Soc America}
}


@book{Tufte:vdqi:1984,
    author = {Tufte, Edward R.},
    title = {The Visual Display of Quantitative Information},
    edition = {Second},
    year = {2001},
    pages = {197},
    publisher = {Graphics Press},
    address = {Cheshire, Connecticut}
}


@article{Yate:comp:1935,
    author = {Yates, F.},
    title = {Complex experiments},
    year = {1935},
    journal = {Journal of the Royal Statistical Society (Supplement)},
    volume = {2},
    pages = {181--247}
}


@article{Clev:McGi:McGi:shap:1988,
    author = {Cleveland, William S. and McGill, Marylyn E. and McGill, Robert},
    title = {The Shape Parameter of a Two-variable Graph},
    year = {1988},
    journal = {Journal of the American Statistical Association},
    volume = {83},
    pages = {289--300},
    keywords = {Graphics; Aspect ratio}
}



@article{henderson1981bmr,
    author = {Henderson, Harold V. and Velleman, Paul F.},
    title = {Building Multiple Regression Models Interactively},
    year = {1981},
    journal = {Biometrics},
    volume = {37},
    pages = {391--411},
    keywords = {Data analysis; Outlier; Leverage; Stem-and-leaf display},
    CISid = {49775}
}



@article{Clev:Devl:loca:1988,
    author = {Cleveland, William S. and Devlin, Susan J.},
    title = {Locally Weighted Regression: {A}n Approach to Regression Analysis by Local Fitting},
    year = {1988},
    journal = {Journal of the American Statistical Association},
    volume = {83},
    pages = {596--610},
    keywords = {Smoothing; Loess}
}


@article{Clev:Gros:comp:1991,
    author = {Cleveland, William S. and Grosse, E.},
    title = {Computational Methods for Local Regression},
    year = {1991},
    journal = {Statistics and Computing},
    volume = {1},
    pages = {47--62},
    keywords = {Nonparametric regression; Loess}
}



@article{Stone:LogSpline:1997,
    author = {Stone, Charles J. and Hansen, Mark H. and Kooperberg, Charles and Truong, Young K.},
    title = {Polynomial Splines and Their Tensor Products in Extended Linear Modeling: 1994 {W}ald Memorial Lecture},
    year = {1997},
    journal = {The Annals of Statistics},
    volume = {25},
    number = {4},
    pages = {1371--1470},
    keywords = {62G07 (MSC1991); 62J12 (MSC1991); ANOVA; Density estimation; generalized additive models; 
        Generalized linear models; Least squares; Logistic regression; optimal rates of convergence; 
        Proportional hazards model; Survival analysis; Spectral estimation }
}



@Article{bioc:2004,
    author = {Gentleman, R. C. and Carey, V. J. and Bates, D. M. and Bolstad, B. and Dettling, M. and Dudoit, S. and Ellis, B. and Gautier, L. and Ge, Y. and Gentry, J. and others},
    title = {Bioconductor: {O}pen software development for computational biology and bioinformatics},
    journal = {Genome Biology},
    volume = {5},
    year = {2004},
    pages = {R80},
    url = {http://genomebiology.com/2004/5/10/R80},
}


@article{wegman1990hda,
    author = {Wegman, Edward J.},
    title = {Hyperdimensional Data Analysis Using Parallel Coordinates},
    year = {1990},
    journal = {Journal of the American Statistical Association},
    volume = {85},
    pages = {664--675},
    keywords = {Multivariate analysis},
    CISid = {122302}
}


@article{wegman1997hdc,
    author = {Wegman, Edward J. and Luo, Qiang},
    title = {High Dimensional Clustering Using Parallel Coordinates and the Grand Tour},
    year = {1997},
    booktitle = {Classification and Knowledge Organization. Proceedings of the 20th Annual Conference of the Gesellschaft f\"{u}r Klassifikation e.V.},
    editor = {Klar, R\"{u}diger and Opitz, Otto},
    publisher = {Springer},
    pages = {93--101},
    keywords = {Parallel coordinates; Graphical method},
    CISid = {188307}
}



@article{inselberg1985ppc,
  title={The plane with parallel coordinates},
  author={Inselberg, Alfred},
  journal={The Visual Computer},
  volume={1},
  number={4},
  pages={69--91},
  year={1985},
  publisher={Springer}
}


@article{swayne2003gex,
    author = {Swayne, Deborah F. and Temple Lang, Duncan and Buja, Andreas and Cook, Dianne},
    title = {{GG}obi: {E}volving from {XG}obi into an Extensible Framework for Interactive Data Visualization},
    year = {2003},
    journal = {Computational Statistics \& Data Analysis},
    volume = {43},
    number = {4},
    pages = {423--444},
    keywords = {Statistical graphics; interoperability; R; XML; API; plugins},
    CISid = {274239}
}



@article{bruntz1974ocn,
  title={Ozone Concentrations in {N}ew {J}ersey and {N}ew {Y}ork: {S}tatistical Association with Related Variables},
  author={Bruntz, S. M. and Cleveland, W. S. and Graedel, T. E. and Kleiner, B. and Warner, J. L.},
  journal={Science},
  volume={186},
  number={4160},
  pages={257},
  year={1974}
}


@article{bruntz1974dao,
  title={The dependence of ambient ozone on solar radiation, temperature, and mixing height},
  author={Bruntz, S. M. and Cleveland, W. S. and Kleiner, B. and Warner, J. L.},
  journal={Symposium on Atmospheric Diffusion and Air Pollution},
  pages={125--128},
  year={1974}
}




@book{nelsen1999ic,
    author = {Nelsen, Roger B.},
    title = {An Introduction to Copulas},
    year = {1999},
    pages = {216},
    publisher = {Springer},
    address = {New York},
    CISid = {209482}
}


@book{rasbash2000usg,
  title={A User's Guide to {MLwiN}},
  author={Rasbash, J. and Steele, F. and Browne, W. and Prosser, B.},
  year={2000},
  publisher={Institute of Education, University of London}
}


@inproceedings{reynolds1994tsa,
    author = {Reynolds, Penny S.},
    title = {Time-series Analyses of Beaver Body Temperatures},
    year = {1994},
    booktitle = {Case Studies in Biometry},
    editor = {Lange, Nicholas and Ryan, Louise and Billard, Lynne and Brillinger, David and Conquest, Loveday and Greenhouse, Joel},
    publisher = {Wiley-Interscience},
    pages = {211--228},
    CISid = {156268}
}



@article{bartlett1936srt,
  title={The Square Root Transformation in Analysis of Variance},
  author={Bartlett, M. S.},
  journal={Supplement to the Journal of the Royal Statistical Society},
  volume={3},
  number={1},
  pages={68--78},
  year={1936},
  publisher={JSTOR}
}


@article{cleveland1984gpt,
    author = {Cleveland, William S. and McGill, Robert},
    title = {Graphical Perception: {T}heory, Experimentation, and Application to the Development of Graphical Methods},
    year = {1984},
    journal = {Journal of the American Statistical Association},
    volume = {79},
    pages = {531--554},
    keywords = {Computer graphics; Psychophysics},
    CISid = {72224}
}

@article{molyneaux1947dvd,
  title={Differences in {V}irginia Death Rates by Color, Sex, Age and Rural or Urban Residence},
  author={Molyneaux, L. and Gilliam, S. K. and Florant, L. C.},
  journal={American Sociological Review},
  volume={12},
  number={5},
  pages={525--535},
  year={1947},
  publisher={JSTOR}
}


@Book{epe2000,
  title={{Enhancing the postdoctoral experience for scientists and engineers: {A} guide for postdoctoral scholars, advisers, institutions, funding organizations, and disciplinary societies}},
  author={National~Academy~of~Sciences},
  year = {2000},
}


@article{harrower2003coo,
  title={ColorBrewer.org: {A}n Online Tool for Selecting Colour Schemes for Maps},
  author={Harrower, M. and Brewer, C. A.},
  journal={Cartographic Journal},
  volume={40},
  number={1},
  pages={27--37},
  year={2003},
  publisher={Maney Publishing}
}


@Comment   pages={2},
@article{ihaka2003cpg,
  title={Colour for Presentation Graphics},
  author={Ihaka, Ross},
  journal={Proceedings of DSC},
  url = {http://www.ci.tuwien.ac.at/Conferences/DSC-2003/Proceedings/Ihaka.pdf},
  year={2003}
}





@article{plotmath:murrell:ihaka,
    author = {Murrell, Paul and Ihaka, Ross},
    title = {An Approach to Providing Mathematical Annotation in Plots},
    year = {2000},
    journal = {Journal of Computational and Graphical Statistics},
    volume = {9},
    number = {3},
    pages = {582--599},
    keywords = {equations; Labels; typesetting},
    CISid = {216539}
}


@book{Clev:coll:1988,
    editor = {William S. Cleveland},
    title = {The Collected Works of {J}ohn {W}. {T}ukey, {V}olume {V}: {G}raphics 1965--1985},
    year = {1988},
    pages = {528},
    publisher = {Wadsworth \& Brooks/Cole Advanced Books \& Software},
    address = {Monterey, CA}
}


@book{Jone:coll:1986,
    author = {L. V. Jones (ed.)},
    title = {The Collected Works of {J}ohn {W}. {T}ukey ({V}ol. {IV}), {P}rinciples of {D}ata {A}nalysis: 1965--1986},
    year = {1986},
    publisher = {Wadsworth \& Brooks/Cole Advanced Books \& Software, Monterey, CA},
}

@article{tukey1965fpd,
  title={The future of processes of data analysis},
  author={Tukey, John W.},
  journal={Proceedings of the Tenth Conference on the Design of Experiment in Army Research Development and Testing},
  pages={691--729},
  year={1965}
}


@book{R:Dalgaard:2002,
  author = {Peter Dalgaard},
  title = {Introductory Statistics with {R}},
  year = {2002},
  publisher = {Springer},
  address = {New York},
  note = {ISBN 0-387-95475-9},
  pages = {288},
  url = {http://www.biostat.ku.dk/~pd/ISwR.html},
  publisherurl = {http://www.springeronline.com/sgw/cda/frontpage/0,11855,4-10130-22-2287329-0,00.html?changeHeader=true},
  orderinfo = {springer.txt}
}


@book{Wilk:gram:1999,
    author = {Wilkinson, Leland},
    title = {The Grammar of Graphics},
    year = {1999},
    pages = {408},
    publisher = {Springer},
    address = {New York},
    CISid = {209515}
}











@Manual{copula,
  title = {copula: Multivariate Dependence with Copula},
  author = {Jun Yan and Ivan Kojadinovic},
  year = {2007},
  note = {R package version 0.5-8},
}

@Manual{ellipse,
  title = {ellipse: Functions for drawing ellipses and ellipse-like confidence regions},
  author = {Duncan Murdoch and E. D. Chow and Jesus M. Frias Celayeta},
  year = {2007},
  note = {R package version 0.3-5},
}

@Comment FIXME
@Manual{gridBase,
  title = {gridBase: {I}ntegration of base and grid graphics},
  author = {Paul Murrell},
  year = {},
  note = {R package version 0.4-3},
}


@Manual{flowViz,
  title = {flowViz: {V}isualization for flow cytometry},
  author = {T. Duong and B. Ellis and R. Gentleman and F. Hahne and N. {Le Meur} and D. Sarkar},
  year = {2007},
  note = {R package version 1.3.0},
}


@Manual{flowCore,
  title = {flowCore: {B}asic structures for flow cytometry data},
  author = {B. Ellis and P. Haaland and F. Hahne and N. {Le Meur}},
  year = {2007},
  note = {R package version 1.5.1},
}

@Manual{hexbin,
  title = {hexbin: {H}exagonal Binning Routines},
  author = {Dan Carr and Nicholas Lewin-Koh and Martin Maechler},
  year = {2006},
  note = {R package version 1.12.0},
}

@Manual{locfit,
  title = {locfit: {L}ocal Regression, Likelihood and Density Estimation},
  author = {Catherine Loader},
  year = {2006},
  note = {R package version 1.5-3},
  url = {http://www.locfit.info/},
}

@Manual{logspline,
  title = {logspline: {L}ogspline density estimation routines},
  author = {Charles Kooperberg},
  year = {2007},
  note = {R package version 2.0.4},
}

@Manual{mapproj,
  title = {mapproj: {M}ap Projections},
  author = {Doug McIlroy and Ray Brownrigg and Thomas P Minka},
  year = {2005},
  note = {R package version 1.1-7.1},
}

@Manual{maps,
  title = {maps: {D}raw Geographical Maps},
  author = {Richard A. Becker and Allan R. Wilks and Ray Brownrigg and Thomas P. Minka},
  year = {2007},
  note = {R package version 2.0-39},
}


@Manual{MEMSS,
  title = {{MEMSS}: {D}ata sets from {M}ixed-effects {M}odels in {S}},
  author = {Douglas Bates},
  year = {2006},
  note = {R package version 0.2-4},
}


@Manual{mlmRev,
  title = {mlm{R}ev: {E}xamples from {M}ultilevel {M}odelling {S}oftware {R}eview},
  author = {Douglas Bates},
  year = {2006},
  note = {R package version 0.995-1},
}

@Manual{RColorBrewer,
  title = {{RColorBrewer}: {C}olor{B}rewer palettes},
  author = {Erich Neuwirth},
  year = {2007},
  note = {R package version 1.0-1},
}


@Manual{playwith,
    title = {playwith: A GUI for interactive plots using GTK+},
    author = {Felix Andrews},
    year = {2007},
    note = {R package version 0.8.28},
    url = {http://playwith.googlecode.com/},
}

